<?xml version="1.0" encoding="UTF-8"?><collection xmlns="http://www.loc.gov/MARC21/slim"><record><leader>00356nam--2200133-i-4500</leader><controlfield tag="001">000003204</controlfield><controlfield tag="002">20161230</controlfield><controlfield tag="005">20161230201025</controlfield><controlfield tag="008">060222s1000------------r-----000-0-eng-d</controlfield><datafield ind1=" " ind2=" " tag="080"><subfield code="a">27</subfield></datafield><datafield ind1=" " ind2=" " tag="100"><subfield code="a">Casssier, Ernest</subfield></datafield><datafield ind1=" " ind2=" " tag="245"><subfield code="a">Substance and function and einstein`s theory o f relativity</subfield></datafield><datafield ind1=" " ind2=" " tag="260"><subfield code="a">New York, Dover Publ., 1953. Xii + 465 P</subfield></datafield><datafield ind1=" " ind2=" " tag="852"><subfield code="a">12791</subfield></datafield></record></collection>